@inproceedings{interest_management_algorithm,
 author = {Boulanger, Jean-S{\'e}bastien and Kienzle, J\"{o}rg and Verbrugge, Clark},
 title = {Comparing Interest Management Algorithms for Massively Multiplayer Games},
 booktitle = {Proceedings of 5th ACM SIGCOMM Workshop on Network and System Support for Games},
 series = {NetGames '06},
 year = {2006},
 isbn = {1-59593-589-4},
 location = {Singapore},
 articleno = {6},
 url = {http://doi.acm.org/10.1145/1230040.1230069},
 doi = {10.1145/1230040.1230069},
 acmid = {1230069},
 publisher = {ACM},
 address = {New York, NY, USA},
} 

@inproceedings{mammoth_mmo_research_framework,
 author = {Kienzle, J\"{o}rg and Verbrugge, Clark and Kemme, Bettina and Denault, Alexandre and Hawker, Michael},
 title = {Mammoth: A Massively Multiplayer Game Research Framework},
 booktitle = {Proceedings of the 4th International Conference on Foundations of Digital Games},
 series = {FDG '09},
 year = {2009},
 isbn = {978-1-60558-437-9},
 location = {Orlando, Florida},
 pages = {308--315},
 numpages = {8},
 url = {http://doi.acm.org/10.1145/1536513.1536566},
 doi = {10.1145/1536513.1536566},
 acmid = {1536566},
 publisher = {ACM},
 address = {New York, NY, USA}
}

@inproceedings{triangle_based_load_balancing,
 author = {Denault, Alexandre and Ca\~{n}as, C{\'e}sar and Kienzle, J\"{o}rg and Kemme, Bettina},
 title = {Triangle-based Obstacle-aware Load Balancing for Massively Multiplayer Games},
 booktitle = {Proceedings of the 10th Annual Workshop on Network and Systems Support for Games},
 series = {NetGames '11},
 year = {2011},
 isbn = {978-1-4577-1934-9},
 location = {Ottawa, Canada},
 pages = {4:1--4:6},
 articleno = {4},
 numpages = {6},
 url = {http://dl.acm.org/citation.cfm?id=2157848.2157853},
 acmid = {2157853},
 publisher = {IEEE Press},
 address = {Piscataway, NJ, USA}
}

@article{rtf_middleware_development,
 author = {Glinka, Frank and Ploss, Alexander and Gorlatch, Sergei and M\"{u}ller-Iden, Jens},
 title = {High-level Development of Multiserver Online Games},
 journal = {Int. J. Comput. Games Technol.},
 issue_date = {January 2008},
 volume = {2008},
 month = jan,
 year = {2008},
 issn = {1687-7047},
 pages = {3:1--3:16},
 articleno = {3},
 numpages = {16},
 url = {http://dx.doi.org/10.1155/2008/327387},
 doi = {10.1155/2008/327387},
 acmid = {1463036},
 publisher = {Hindawi Publishing Corp.},
 address = {New York, NY, United States}
} 

@inproceedings{rtf_quake_3,
 author = {Ploss, Alexander and Wichmann, Stefan and Glinka, Frank and Gorlatch, Sergei},
 title = {From a Single- to Multi-server Online Game: A Quake 3 Case Study Using RTF},
 booktitle = {Proceedings of the 2008 International Conference on Advances in Computer Entertainment Technology},
 series = {ACE '08},
 year = {2008},
 isbn = {978-1-60558-393-8},
 location = {Yokohama, Japan},
 pages = {83--90},
 numpages = {8},
 url = {http://doi.acm.org/10.1145/1501750.1501769},
 doi = {10.1145/1501750.1501769},
 acmid = {1501769},
 publisher = {ACM},
 address = {New York, NY, USA}
} 

@article{onlive_protocol_and_traffic,
 author = {Manzano, M. and Urue\~{n}a, M. and Su\v{z}njevi\'{c}, M. and Calle, E. and Hern\'{a}ndez, J. A. and Matijasevic, M.},
 title = {Dissecting the Protocol and Network Traffic of the OnLive Cloud Gaming Platform},
 journal = {Multimedia Syst.},
 issue_date = {October   2014},
 volume = {20},
 number = {5},
 month = oct,
 year = {2014},
 issn = {0942-4962},
 pages = {451--470},
 numpages = {20},
 url = {http://dx.doi.org/10.1007/s00530-014-0370-4},
 doi = {10.1007/s00530-014-0370-4},
 acmid = {2673687},
 publisher = {Springer-Verlag New York, Inc.},
 address = {Secaucus, NJ, USA}
}

@inproceedings{latency_can_kill,
 author = {Claypool, Mark and Claypool, Kajal},
 title = {Latency Can Kill: Precision and Deadline in Online Games},
 booktitle = {Proceedings of the First Annual ACM SIGMM Conference on Multimedia Systems},
 series = {MMSys '10},
 year = {2010},
 isbn = {978-1-60558-914-5},
 location = {Phoenix, Arizona, USA},
 pages = {215--222},
 numpages = {8},
 url = {http://doi.acm.org/10.1145/1730836.1730863},
 doi = {10.1145/1730836.1730863},
 acmid = {1730863},
 publisher = {ACM},
 address = {New York, NY, USA}
} 

@article{latency_and_player_actions_in_online_games,
 author = {Claypool, Mark and Claypool, Kajal},
 title = {Latency and Player Actions in Online Games},
 journal = {Commun. ACM},
 issue_date = {November 2006},
 volume = {49},
 number = {11},
 month = nov,
 year = {2006},
 issn = {0001-0782},
 pages = {40--45},
 numpages = {6},
 url = {http://doi.acm.org/10.1145/1167838.1167860},
 doi = {10.1145/1167838.1167860},
 acmid = {1167860},
 publisher = {ACM},
 address = {New York, NY, USA}
}

@article{simgrid_paper,
    hal_id = {hal-01017319},
    url = {http://hal.inria.fr/hal-01017319},
    title = {Versatile, Scalable, and Accurate Simulation of Distributed Applications and Platforms},
    author = {Casanova, Henri and Giersch, Arnaud and Legrand, Arnaud and Quinson, Martin and Suter, Fr{\'e}d{\'e}ric},
    publisher = {Elsevier},
    pages = {2899-2917},
    journal = {Journal of Parallel and Distributed Computing},
    volume = {74},
    number = {10},
    year = {2014},
    month = Jun,
    pdf = {http://hal.inria.fr/hal-01017319/PDF/simgrid3-journal.pdf}
}

@misc{landmark,
	key={zzEverQuest},
	title={EverQuest Next Landmark},
	howpublished={\url{https://www.landmarkthegame.com}}
}

@misc{minecraft,
	key={zzMinecraft},
	title={Minecraft},
	howpublished={\url{https://minecraft.net}}
}

@misc{onlive,
	key={zzOnlive},
	title={OnLive},
	howpublished={\url{https://www.onlive.com}}
}

@misc{gaminganywhere,
	key={zzGamingAnywhere},
	title={GamingAnywhere},
	howpublished={\url{http://gaminganywhere.org}}
}

@misc{gakai,
	key={zzGakai},
	title={Gakai},
	howpublished={\url{https://www.gaikai.com}}
}

@misc{streammygame,
	key={zzStreamMyGame},
	title={StreamMyGame},
	howpublished={\url{http://streammygame.com}}
}

@misc{grid,
	key={zzNvidia Grid},
	title={Nvidia Grid},
	howpublished={\url{http://www.nvidia.com/object/nvidia-grid.html}}
}

@misc{steam_inhome,
	key={zzSteam In-Home Streaming},
	title={Steam In-Home Streaming},
	howpublished={\url{http://store.steampowered.com/streaming}}
}

@misc{simgrid,
	key={zzSimgrid},
	title={Simgrid},
	howpublished={\url{http://simgrid.gforge.inria.fr}}
}

@misc{bigworld,
	key={zzBigWorld},
	title={BigWorld Server},
	howpublished={\url{http://bigworldtech.com/en/technology/bigworld-server}}
}

@misc{wow_player_num,
	key={zzStatista},
	title={Number of subscriber for World of Warcraft by quarters from 2005 to 2014 by Statista, from Blizzard Entertainment},
	howpublished={\url{http://www.statista.com/statistics/276601/number-of-world-of-warcraft-subscribers-by-quarter/}},
	note={Accédé le : 16/03/2015}
}

@INPROCEEDINGS{is_server_consolidation_benefical,
	author={Yeng-Ting Lee and Kuan-Ta Chen}, 
	booktitle={Cloud Computing (CLOUD), 2010 IEEE 3rd International Conference on}, 
	title={Is Server Consolidation Beneficial to MMORPG? A Case Study of World of Warcraft}, 
	year={2010}, 
	month={July}, 
	pages={435-442}, 
	doi={10.1109/CLOUD.2010.57}
}
	
@article{mmorpg_network_performance_session_patterns_and_latency_requirements_analysis,
 author = {Suznjevic, Mirko and Dobrijevic, Ognjen and Matijasevic, Maja},
 title = {MMORPG Player Actions: Network Performance, Session Patterns and Latency Requirements Analysis},
 journal = {Multimedia Tools Appl.},
 issue_date = {October 2009},
 volume = {45},
 number = {1-3},
 month = oct,
 year = {2009},
 issn = {1380-7501},
 pages = {191--214},
 numpages = {24},
 url = {http://dx.doi.org/10.1007/s11042-009-0300-1},
 doi = {10.1007/s11042-009-0300-1},
 acmid = {1613039},
 publisher = {Kluwer Academic Publishers},
 address = {Hingham, MA, USA}
}

@misc{valve_source_network,
	key={zzvalve},
	author = {Valve},
	title = {Source engine Multiplayer Networking explaination},
	howpublished = {\url{https://developer.valvesoftware.com/wiki/Source_Multiplayer_Networking}},
	note = {Accédé le : 23/03/2015}
}

@ARTICLE{gaminganywhere_article,
  AUTHOR     = {Chun-Ying Huang and Kuan-Ta Chen and De-Yu Chen and Hwai-Jung Hsu and Cheng-Hsin Hsu},
  TITLE      = {GamingAnywhere: The First Open Source Cloud Gaming System},
  JOURNAL    = {ACM Transactions on Multimedia Computing  Communications and Applications},
  VOL        = {10},
  NO         = {1s},
  PAGES      = {1--25},
  MONTH      = {Jan},
  YEAR       = {2014}
}

@inproceedings{super_peer_network,
  title={Designing a super-peer network},
  author={Beverly Yang, B and Garcia-Molina, Hector},
  booktitle={Data Engineering, 2003. Proceedings. 19th International Conference on},
  pages={49--60},
  year={2003},
  organization={IEEE}
}

@INPROCEEDINGS{hybrid_p2p_middleware_for_existing_game_article, 
	author={Croucher, D.A. and Engelbrecht, H.A.}, 
	booktitle={Haptic Audio Visual Environments and Games (HAVE), 2012 IEEE International Workshop on},
	title={A peer-to-peer middleware plugin for an existing MMOG client-server architecture}, 
	year={2012}, 
	month={Oct}, 
	pages={140-141},
	doi={10.1109/HAVE.2012.6374454}
}

@misc{google_cloud,
	key={zzgoogle cloud},
	title={Google Cloud Platform},
	howpublished={\url{https://cloud.google.com}}
}

@misc{amazon_ec2,
	key={zzamazon ec2},
	title={Amazon Elastic Compute Cloud},
	howpublished={\url{http://aws.amazon.com/ec2/}}
}

@article{design_issues_for_p2p_mmog,
 author = {Fan, Lu and Trinder, Phil and Taylor, Hamish},
 title = {Design Issues for Peer-to-Peer Massively Multiplayer Online Games},
 journal = {Int. J. Adv. Media Commun.},
 issue_date = {March 2010},
 volume = {4},
 number = {2},
 month = mar,
 year = {2010},
 issn = {1462-4613},
 pages = {108--125},
 numpages = {18},
 url = {http://dx.doi.org/10.1504/IJAMC.2010.032138},
 doi = {10.1504/IJAMC.2010.032138},
 acmid = {1739210},
 publisher = {Inderscience Publishers},
 address = {Inderscience Publishers, Geneva, SWITZERLAND}
}

@INPROCEEDINGS{MOPAR,
    author = {Anthony (peiqun Yu and Son T. Vuong},
    title = {MOPAR: a mobile peer-to-peer overlay architecture for interest management of massively multiplayer online games},
    booktitle = {Online Games”, NOSSDAV’05, ACM},
    year = {2005},
    pages = {99--104},
    publisher = {ACM Press}
}

@INPROCEEDINGS{vorogame, 
	author={Buyukkaya, E. and Abdallah, M. and Cavagna, R.}, 
	booktitle={Consumer Communications and Networking Conference, 2009. CCNC 2009. 6th IEEE}, 
	title={VoroGame: A Hybrid P2P Architecture for Massively Multiplayer Games}, 
	year={2009}, 
	month={Jan}, 
	pages={1-5},
	doi={10.1109/CCNC.2009.4784788}
}

@inproceedings{solipsis,
  added-at = {2003-10-07T00:00:00.000+0200},
  author = {Keller, Joaquín and Simon, Gwendal},
  biburl = {http://www.bibsonomy.org/bibtex/29432a57f351c410795b72ba41c563b70/dblp},
  booktitle = {PDPTA},
  date = {2003-10-07},
  description = {dblp},
  editor = {Arabnia, Hamid R. and Mun, Youngsong},
  interhash = {43c9e8c6ec5ac21c96315b42b93fe684},
  intrahash = {9432a57f351c410795b72ba41c563b70},
  isbn = {1-892512-41-6},
  keywords = {dblp},
  pages = {262-268},
  publisher = {CSREA Press},
  timestamp = {2003-10-07T00:00:00.000+0200},
  title = {Solipsis: A Massively Multi-Participant Virtual World.},
  url = {http://dblp.uni-trier.de/db/conf/pdpta/pdpta2003-1.html#KellerS03},
  year = 2003
}

@ARTICLE{VON, 
	author={Shun-Yun Hu and Jui-Fa Chen and Tsu-Han Chen}, 
	journal={Network, IEEE}, 
	title={VON: a scalable peer-to-peer network for virtual environments}, 
	year={2006}, 
	month={July}, 
	volume={20}, 
	number={4}, 
	pages={22-31},
	doi={10.1109/MNET.2006.1668400}, 
	ISSN={0890-8044}
}

@inproceedings{VAST,
 author = {Hu, Shun-Yun and Liao, Guan-Ming},
 title = {Scalable Peer-to-peer Networked Virtual Environment},
 booktitle = {Proceedings of 3rd ACM SIGCOMM Workshop on Network and System Support for Games},
 series = {NetGames '04},
 year = {2004},
 isbn = {1-58113-942-X},
 location = {Portland, Oregon, USA},
 pages = {129--133},
 numpages = {5},
 url = {http://doi.acm.org/10.1145/1016540.1016552},
 doi = {10.1145/1016540.1016552},
 acmid = {1016552},
 publisher = {ACM},
 address = {New York, NY, USA}
}

@INPROCEEDINGS{voronet, 
	author={Beaumont, O. and Kermarrec, A.-M. and Marchal, L. and Riviere, E.}, 
	booktitle={Parallel and Distributed Processing Symposium, 2007. IPDPS 2007. IEEE International}, 
	title={VoroNet: A scalable object network based on Voronoi tessellations}, 
	year={2007}, 
	month={March}, 
	pages={1-10},
	doi={10.1109/IPDPS.2007.370210}
}

@inproceedings{colyseus,
 author = {Bharambe, Ashwin and Pang, Jeffrey and Seshan, Srinivasan},
 title = {Colyseus: A Distributed Architecture for Online Multiplayer Games},
 booktitle = {Proceedings of the 3rd Conference on Networked Systems Design \& Implementation - Volume 3},
 series = {NSDI'06},
 year = {2006},
 location = {San Jose, CA},
 pages = {12--12},
 numpages = {1},
 url = {http://dl.acm.org/citation.cfm?id=1267680.1267692},
 acmid = {1267692},
 publisher = {USENIX Association},
 address = {Berkeley, CA, USA},
} 

@inproceedings{blue_banana,
	title = {Blue {Banana}: resilience to avatar mobility in distributed {MMOGs}},
	shorttitle = {Blue {Banana}},
	booktitle = {Dependable {Systems} and {Networks} ({DSN}), 2010 {IEEE}/{IFIP} {International} {Conference} on},
	author = {Legtchenko, S. and Monnet, S. and Thomas, G.},
	year = {2010},
	pages = {171--180}
}

@PHDTHESIS{these_raluca,
                    author = {Diaconu, Raluca Andreea},
               x-lip6teams = {REGAL},
                  x-lip6id = {11096},
  x-international-audience = {yes},
                     title = {{S}calability for {V}irtual {W}orlds},
                      year = {2015},
               institution = {LIP6},
                    school = {Universit{\'{e}} Pierre et Marie Curie (UPMC)},
                      note = {Type : Th{\`{e}}se de Doctorat -- Soutenue le : 2015-01-23 -- Dirig{\'{e}}e par : Sens, Pierre -- Encadr{\'{e}}e par : KELLER Joaquin}
}

@article{population_reelle,
	Author = {Rozenfeld, Hern{\'{a}}n D. and Rybski, Diego and Gabaix, Xavier and Makse, Hern{\'{a}}n A.},
	Title = {The Area and Population of Cities: New Insights from a Different Perspective on Cities},
	Journal = {American Economic Review},
	Volume = {101},
	Number = {5},
	Year = {2011},
	Pages = {2205-25},
	DOI = {10.1257/aer.101.5.2205},
	URL = {http://www.aeaweb.org/articles.php?doi=10.1257/aer.101.5.2205}
}

@INPROCEEDINGS{mmorpg_player_behavior_model, 
	author={Suznjevic, M. and Stupar, I. and Matijasevic, M.}, 
	booktitle={Network and Systems Support for Games (NetGames), 2011 10th Annual Workshop on}, 
	title={MMORPG player behavior model based on player action categories}, 
	year={2011}, 
	month={Oct}, 
	pages={1-6},
	doi={10.1109/NetGames.2011.6080982}, 
	ISSN={2156-8138}
}

@inproceedings{pikko,
  title={Pikko Server},
  author={Almroth, David},
	booktitle={Erlang User Conference},
	year={2010}
}

@misc{wh40kEC,
	key={zzwarkammer},
	title={Warhammer 40000 : Eternal Crusade},
	howpublished={\url{https://www.eternalcrusade.com/}}
}

@misc{tanks_vs_robots,
	key={zztanks_vs_robots},
	title={Tanks vs. Robots in numbers},
	howpublished={\url{http://download.muchdifferent.com/pikkoserver/tanks-vs-robots-in-numbers.pdf}},
	note={Accédé le : 02/04/2015}
}

@misc{ultima_online,
	key={zzultima_online},
	title={Ultima Online},
	howpublished={\url{http://www.uo.com/}}
}

@misc{lineage,
	key={zzlineage},
	title={Lineage},
	howpublished={\url{http://www.lineage.com/}}
}

@misc{everquest,
	key={zzeverquest},
	title={Everquest},
	howpublished={\url{https://www.everquest.com/}}
}

@misc{wow,
	key={zzwow},
	title={World of Warcraft},
	howpublished={\url{http://eu.battle.net/wow/fr/}}
}

@misc{grid_k520,
	key={zzgrid_k520},
	title={NVIDIA Grid K520 sur Amazon},
	howpublished={\url{http://www.amazon.com/Nvidia-Gaming-Kepler-Graphics-900-12055-0020-000/dp/B00MGZRYO2}},
	note={Accédé le : 13/03/2015}
}

@misc{icancloud,
	key={zzicancloud},
	title={iCanCloud},
	howpublished={\url{http://www.arcos.inf.uc3m.es/~icancloud/Home.html}}
}

@misc{cloudsim,
	key={zzcloudsim},
	title={CloudSim},
	howpublished={\url{http://www.cloudbus.org/cloudsim/}}
}

@misc{peersim,
	key={zzpeersim},
	title={PeerSim},
	howpublished={\url{http://peersim.sourceforge.net/}}
}

@inproceedings{cloudanalyst,
  title={Cloudanalyst: A cloudsim-based visual modeller for analysing cloud computing environments and applications},
  author={Wickremasinghe, Bhathiya and Calheiros, Rodrigo N and Buyya, Rajkumar},
  booktitle={Advanced Information Networking and Applications (AINA), 2010 24th IEEE International Conference on},
  pages={446--452},
  year={2010},
  organization={IEEE}
}

@inproceedings{low_latency_and_cheat_proof_ordering_p2p,
 author = {GauthierDickey, Chris and Zappala, Daniel and Lo, Virginia and Marr, James},
 title = {Low Latency and Cheat-proof Event Ordering for Peer-to-peer Games},
 booktitle = {Proceedings of the 14th International Workshop on Network and Operating Systems Support for Digital Audio and Video},
 series = {NOSSDAV '04},
 year = {2004},
 isbn = {1-58113-801-6},
 location = {Cork, Ireland},
 pages = {134--139},
 numpages = {6},
 url = {http://doi.acm.org/10.1145/1005847.1005877},
 doi = {10.1145/1005847.1005877},
 acmid = {1005877},
 publisher = {ACM},
 address = {New York, NY, USA}
}

@inproceedings{jps_article,
  title={Online Graph Pruning for Pathfinding On Grid Maps.},
  author={Harabor, Daniel Damir and Grastien, Alban},
  year={2011}
}